@article{More1965,
  title        = {Cramming more components onto integrated circuits},
  author       = {Gordon Earle Moore},
  volume       = {38},
  number       = {8},
  pages        = {114--117},
  date         = {1965-04-19},
  journaltitle = {Electronics}
}
,
@article{Flamm2003,
  title        = {Moore's law and the economics of semiconductor price trends},
  author       = {Kenneth Flamm},
  publisher    = {Inderscience Publishers},
  volume       = {3},
  number       = {2},
  pages        = {127--141},
  doi          = {10.1504/ijtpm.2003.003885},
  date         = {2003},
  journaltitle = {International Journal of Technology, Policy and Management}
}
,
@article{Mack2011,
  title        = {Fifty Years of Moore's Law},
  author       = {Chris A. Mack},
  publisher    = {Institute of Electrical and Electronics Engineers ({IEEE})},
  volume       = {24},
  number       = {2},
  pages        = {202--207},
  doi          = {10.1109/tsm.2010.2096437},
  date         = {2011-05},
  journaltitle = {{IEEE} Transactions on Semiconductor Manufacturing}
}
,
@article{Leiserson2020,
  title        = {There's plenty of room at the Top: What will drive computer performance after Moore's law?},
  author       = {Charles E. Leiserson and Neil C. Thompson and Joel S. Emer and Bradley C. Kuszmaul and Butler W. Lampson and Daniel Sanchez and Tao B. Schardl},
  publisher    = {American Association for the Advancement of Science ({AAAS})},
  volume       = {368},
  number       = {6495},
  doi          = {10.1126/science.aam9744},
  date         = {2020-06-05},
  journaltitle = {Science},
  eid          = {1079}
}
,
@article{Smith1997,
  title        = {Hydrodynamic Simulation of Semiconductor Devices},
  author       = {Arlynn W. Smith and Kevin F. Brennan},
  publisher    = {Elsevier {B.V.}},
  volume       = {21},
  number       = {4},
  pages        = {293--360},
  doi          = {10.1016/s0079-6727(97)00013-x},
  date         = {1997-07},
  journaltitle = {Progress in Quantum Electronics}
}
,
@proceedings{Bank1990,
  title        = {Mathematical Modelling and Simulation of Electrical Circuits and Semiconductor Devices},
  location     = {Oberwolfach, Germany},
  publisher    = {Birkh√§user Verlag},
  address      = {Basel, Switzerland},
  series       = {International Series of Numerical Mathematics},
  volume       = {93},
  doi          = {10.1007/978-3-0348-5698-0},
  isbn         = {978-3-0348-5700-0},
  editor       = {Bank, R. E. and Bulirsch, R. and Merten, K.},
  eventdate    = {1988-10-30/1988-11-05},
  venue        = {Oberwolfach Research Institute for Mathematics},
  date         = {1990}
}
,
@proceedings{Wachutka2004,
  title        = {Simulation of Semiconductor Processes and Devices},
  location     = {Munich, Germany},
  publisher    = {Springer},
  address      = {Vienna, Austria},
  series       = {International Conference on Simulation of Semiconductor Processes and Devices},
  volume       = {10},
  doi          = {10.1007/978-3-7091-0624-2},
  isbn         = {978-3-7091-7212-4},
  editor       = {Gerhard Wachutka and Gabriele Schrag},
  eventdate    = {2004-09-02/2004-09-04},
  venue        = {Institute for Physics of Electrotechnology, Munich University of Technology},
  date         = {2004-09-08}
}
,
@article{Birner2006,
  title        = {Modeling of Semiconductor Nanostructures with nextnano\textsuperscript{3}},
  author       = {S. Birner and S. Hackenbuchner and M. Sabathil and G. Zandler and J.A. Majewski and T. Andlauer and T. Zibold and R. Morschl and A. Trellakis and P. Vogl},
  publisher    = {Institute of Physics, Polish Academy of Sciences},
  volume       = {110},
  number       = {2},
  pages        = {111--124},
  doi          = {10.12693/aphyspola.110.111},
  date         = {2006-08},
  journaltitle = {Acta Physica Polonica A}
}
,
@article{Trellakis2006,
  title        = {The 3D~nanometer device project \emph{nextnano}: Concepts, methods, results},
  author       = {Alex Trellakis and Tobias Zibold and Till Andlauer and Stefan Birner and R. Kent Smith and Richard Morschl and Peter Vogl},
  publisher    = {Springer},
  volume       = {5},
  number       = {4},
  pages        = {285--289},
  doi          = {10.1007/s10825-006-0005-x},
  date         = {2006-12-09},
  journaltile  = {Journal of Computational Electronics}
}
,
@article{Birner2007,
  title        = {nextnano: General Purpose 3D~Simulations},
  author       = {S. Birner and T. Zibold and T. Andlauer and T. Kubis and M. Sabathil and A. Trellakis and P. Vogl},
  publisher    = {Institute of Electrical and Electronics Engineers ({IEEE})},
  volume       = {54},
  number       = {9},
  pages        = {2137--2142},
  doi          = {10.1109/ted.2007.902871},
  date         = {2007-09},
  journaltitle = {{IEEE} Transactions on Electron Devices}
}
,
@book{Kittel1987,
  title        = {Quantum Theory of Solids},
  author       = {Kittel, Charles},
  publisher    = {John Wiley \& Sons},
  address      = {Hoboken, NJ},
  isbn         = {978-0-471-62412-7},
  editor       = {C. Y. Fong},
  edition      = {2},
  date         = {1987-03}
}
,
@book{Kittel2004,
  title        = {Introduction to Solid State Physics},
  author       = {Kittel, Charles},
  publisher    = {John Wiley \& Sons},
  address      = {Hoboken, NJ},
  isbn         = {978-0-471-41526-8},
  date         = {2004-11},
  edition      = {8}
}
,
@book{Hook1991,
  title        = {Solid State Physics},
  author       = {Hook, J. R. and Hall, H. E.},
  publisher    = {John Wiley \& Sons},
  address      = {Hoboken, NJ},
  isbn         = {978-0-471-92805-8},
  date         = {1991},
  edition      = {2}
}
,
@book{Piprek2003,
  title        = {Semiconductor Optoelectronic Devices},
  author       = {Piprek, Joachim},
  publisher    = {Academic Press},
  address      = {Cambridge, MA},
  isbn         = {978-0-125-57190-6},
  date         = {2003-01-31},
  subtitle     = {Introduction to Physics and Simulation}
}
,
@book{Yu2010,
  title        = {Fundamentals of Semiconductors},
  author       = {YU, Peter and Cardona, Manuel},
  publisher    = {Springer},
  address      = {Berlin, Germany},
  isbn         = {978-3-642-00709-5},
  date         = {2010-03-19},
  subtitle     = {Physics and Materials Properties}
}
,
@article{Hohenberg1964,
  title        = {Inhomogeneous Electron Gas},
  author       = {P. Hohenberg and W. Kohn},
  publisher    = {American Physical Society ({APS})},
  volume       = {136},
  number       = {3B},
  pages        = {864--871},
  doi          = {10.1103/physrev.136.b864},
  date         = {1964-11-09},
  journaltitle = {Physical Review}
}
,
@article{Kohn1965,
  title        = {Self-Consistent Equations Including Exchange and Correlation Effects},
  author       = {W. Kohn and L. J. Sham},
  publisher    = {American Physical Society ({APS})},
  volume       = {140},
  number       = {4A},
  pages        = {1133--1138},
  doi          = {10.1103/physrev.140.a1133},
  date         = {1965-11-15},
  journaltitle = {Physical Review}
}
,
@article{Langreth1983,
  title        = {Beyond the local-density approximation in calculations of ground-state electronic properties},
  author       = {David C. Langreth and M. J. Mehl},
  publisher    = {American Physical Society ({APS})},
  volume       = {28},
  number       = {4},
  pages        = {1809--1834},
  doi          = {10.1103/physrevb.28.1809},
  date         = {1983-08-15},
  journaltitle = {Physical Review B}
}
,
@article{Becke1988,
  title        = {Density-functional exchange-energy approximation with correct asymptotic behavior},
  author       = {A. D. Becke},
  publisher    = {American Physical Society ({APS})},
  volume       = {38},
  number       = {6},
  pages        = {3098--3100},
  doi          = {10.1103/physreva.38.3098},
  date         = {1988-09-01},
  journaltitle = {Physical Review A}
}
,
@article{Perdew1992,
  title        = {Atoms, molecules, solids, and surfaces: Applications of the generalized gradient approximation for exchange and correlation},
  author       = {John P. Perdew and J. A. Chevary and S. H. Vosko and Koblar A. Jackson and Mark R. Pederson and D. J. Singh and Carlos Fiolhais},
  publisher    = {American Physical Society ({APS})},
  volume       = {46},
  number       = {11},
  pages        = {6671--6687},
  doi          = {10.1103/physrevb.46.6671},
  date         = {1992-09-15},
  journaltitle = {Physical Review B}
}
,
@article{Slater1954,
  title        = {Simplified {LCAO} Method for the Periodic Potential Problem},
  author       = {J. C. Slater and G. F. Koster},
  publisher    = {American Physical Society ({APS})},
  volume       = {94},
  number       = {6},
  pages        = {1498--1524},
  doi          = {10.1103/physrev.94.1498},
  date         = {1954-06-15},
  journaltitle = {Physical Review}
}
,
@article{Kwon1994,
  title        = {Transferable tight-binding models for silicon},
  author       = {I. Kwon and R. Biswas and C. Z. Wang and K. M. Ho and C. M. Soukoulis},
  publisher    = {American Physical Society ({APS})},
  volume       = {49},
  number       = {11},
  pages        = {7242--7250},
  doi          = {10.1103/physrevb.49.7242},
  date         = {1994-03-15},
  journaltitle = {Physical Review B}
}
,
@article{Lenosky1997,
  title        = {Highly optimized tight-binding model of silicon},
  author       = {Thomas J. Lenosky and Joel D. Kress and Inhee Kwon and Arthur F. Voter and Byard Edwards and David F. Richards and Sang Yang and James B. Adams},
  publisher    = {American Physical Society ({APS})},
  volume       = {55},
  number       = {3},
  pages        = {1528--1544},
  doi          = {10.1103/physrevb.55.1528},
  date         = {1997-01-15},
  journaltitle = {Physical Review B}
}
,
@article{Schulz2005,
  title        = {Tight-binding model for semiconductor nanostructures},
  author       = {S. Schulz and G. Czycholl},
  publisher    = {American Physical Society ({APS})},
  volume       = {72},
  number       = {16},
  doi          = {10.1103/physrevb.72.165317},
  date         = {2005-10-14},
  eid          = {165317},
  journaltitle = {Physical Review B}
}
,
@article{Madelung1967,
  title        = {Band Structure Determination By The Green's Function Method},
  author       = {O. Madelung and J. Treusch},
  publisher    = {{EDP} Sciences},
  volume       = {28},
  number       = {C3},
  pages        = {26--30},
  doi          = {10.1051/jphyscol:1967304},
  date         = {1967-06},
  journaltitle = {Le Journal de Physique Colloques}
}
,
@article{Buth2005,
  title        = {Ab \emph{initio} Green's function formalism for band structures},
  author       = {Christian Buth and Uwe Birkenheuer and Martin Albrecht and Peter Fulde},
  publisher    = {American Physical Society ({APS})},
  volume       = {72},
  number       = {19},
  doi          = {10.1103/physrevb.72.195107},
  date         = {2005-11},
  eid          = {195107},
  journaltitle = {Physical Review B}
}
,
@article{Jiang2011,
  title        = {Electronic band structure from first-principles Green's function approach: theory and implementations},
  author       = {Hong Jiang},
  publisher    = {Springer},
  volume       = {6},
  number       = {4},
  pages        = {253--268},
  doi          = {10.1007/s11458-011-0261-6},
  date         = {2011-12},
  journaltitle = {Frontiers of Chemistry in China}
}
,
@article{Hubbard1963-I,
  title        = {Electron correlations in narrow energy bands},
  author       = {John Hubbard},
  publisher    = {The Royal Society},
  volume       = {276},
  number       = {1365},
  pages        = {238--257},
  doi          = {10.1098/rspa.1963.0204},
  date         = {1963-11},
  journaltitle = {Proceedings of the Royal Society of London. Series A. Mathematical and Physical Sciences}
}
,
@article{Hubbard1964-II,
  title        = {Electron correlations in narrow energy bands {II}},
  author       = {John Hubbard},
  publisher    = {The Royal Society},
  volume       = {277},
  number       = {1369},
  pages        = {237--259},
  doi          = {10.1098/rspa.1964.0019},
  date         = {1964-01-21},
  subtitle     = {The degenerate band case},
  journaltitle = {Proceedings of the Royal Society of London. Series A. Mathematical and Physical Sciences}
}
,
@article{Hubbard1964-III,
  title        = {Electron correlations in narrow energy bands {III}},
  author       = {John Hubbard},
  publisher    = {The Royal Society},
  volume       = {281},
  number       = {1386},
  pages        = {401--419},
  doi          = {10.1098/rspa.1964.0190},
  date         = {1964-09-22},
  subtitle     = {An improved solution},
  journaltitle = {Proceedings of the Royal Society of London. Series A. Mathematical and Physical Sciences}
}
,
@article{Georges1996,
  title        = {Dynamical mean-field theory of strongly correlated fermion systems and the limit of infinite dimensions},
  author       = {Antoine Georges and Gabriel Kotliar and Werner Krauth and Marcelo J. Rozenberg},
  publisher    = {American Physical Society ({APS})},
  volume       = {68},
  number       = {1},
  pages        = {13--125},
  doi          = {10.1103/revmodphys.68.13},
  date         = {1996-01},
  journaltitle = {Reviews of Modern Physics}
}
,
@article{Korringa1947,
  title        = {On The Calculation Of The Energy Of A Bloch Wave In A Metal},
  author       = {J. Korringa},
  publisher    = {Elsevier {BV}},
  volume       = {13},
  number       = {6-7},
  pages        = {392--400},
  doi          = {10.1016/0031-8914(47)90013-x},
  date         = {1947-08},
  journaltitle = {Physica}
}
,
@article{Kohn1954,
  title        = {Solution of the Schr√∂dinger Equation in Periodic Lattices with an Application to Metallic Lithium},
  author       = {W. Kohn and N. Rostoker},
  publisher    = {American Physical Society ({APS})},
  volume       = {94},
  number       = {5},
  pages        = {1111--1120},
  doi          = {10.1103/physrev.94.1111},
  date         = {1954-06-01},
  journaltitle = {Physical Review}
}
,
@article{Dupree1961,
  title        = {Electron Scattering In A Crystal Lattice},
  author       = {Thomas H. Dupree},
  publisher    = {Elsevier {BV}},
  volume       = {15},
  number       = {1},
  pages        = {63--78},
  doi          = {10.1016/0003-4916(61)90166-x},
  date         = {1961-07},
  journaltitle = {Annals of Physics}
}
,
@article{Beeby1967,
  title        = {The density of electrons in a perfect or imperfect lattice},
  author       = {J. L. Beeby},
  publisher    = {The Royal Society},
  volume       = {302},
  number       = {1468},
  pages        = {113--136},
  doi          = {10.1098/rspa.1967.0230},
  date         = {1967-12},
  journaltitle = {Proceedings of the Royal Society of London. Series A. Mathematical and Physical Sciences}
}
,
@article{Morgan1966,
  title        = {Bloch waves and scattering by impurities},
  author       = {G J Morgan},
  publisher    = {{IOP} Publishing},
  volume       = {89},
  number       = {2},
  pages        = {365--371},
  doi          = {10.1088/0370-1328/89/2/316},
  date         = {1966-10},
  journaltitle = {Proceedings of the Physical Society}
}
,
@article{Papanikolaou2002,
  title        = {Conceptual improvements of the {KKR} method},
  author       = {N. Papanikolaou and R. Zeller and P. H. Dederichs},
  publisher    = {{IOP} Publishing},
  volume       = {14},
  number       = {11},
  pages        = {2799--2823},
  doi          = {10.1088/0953-8984/14/11/304},
  date         = {2002-03},
  journaltitle = {Journal of Physics: Condensed Matter}
}
,
@article{Zeller1995,
  title        = {Theory and convergence properties of the screened Korringa-Kohn-Rostoker method},
  author       = {R. Zeller and P. H. Dederichs and B. √öjfalussy and L. Szunyogh and P. Weinberger},
  publisher    = {American Physical Society ({APS})},
  volume       = {52},
  number       = {12},
  pages        = {8807--8812},
  doi          = {10.1103/physrevb.52.8807},
  date         = {1995-09-15},
  journaltitle = {Physical Review B}
}
,
@article{Wildberger1997,
  title        = {Screened {KKR}-Green{\textquotesingle}s-function method for layered systems},
  author       = {K. Wildberger and R. Zeller and P. H. Dederichs},
  publisher    = {American Physical Society ({APS})},
  volume       = {55},
  number       = {15},
  pages        = {10074--10080},
  doi          = {10.1103/physrevb.55.10074},
  date         = {1997-04-15},
  journaltitle = {Physical Review B}
}
,
@article{Georges1992,
  title        = {Hubbard model in infinite dimensions},
  author       = {Antoine Georges and Gabriel Kotliar},
  publisher    = {American Physical Society ({APS})},
  volume       = {45},
  number       = {12},
  pages        = {6479--6483},
  doi          = {10.1103/physrevb.45.6479},
  date         = {1992-03-15},
  journaltitle = {Physical Review B}
}
,
@article{Kotliar2004,
  title        = {Strongly Correlated Materials: Insights From Dynamical Mean-Field Theory},
  author       = {Gabriel Kotliar and Dieter Vollhardt},
  publisher    = {{AIP} Publishing},
  volume       = {57},
  number       = {3},
  pages        = {53--59},
  doi          = {10.1063/1.1712502},
  date         = {2004-03},
  journaltitle = {Physics Today}
}
,
@inproceedings{Vollhardt2010,
  title        = {Dynamical Mean-Field Theory of Electronic Correlations in Models and Materials},
  author       = {Dieter Vollhardt and Adolfo Avella and Ferdinando Mancini},
  booktitle    = {{AIP} Conference Proceedings},
  publisher    = {{AIP} Publishing},
  volume       = {1297},
  number       = {1},
  pages        = {339--403},
  doi          = {10.1063/1.3518901},
  date         = {2010-11-15},
  editor       = {A. Avella and F. Mancini}
}
,
@article{Kronig1931,
  title        = {Quantum mechanics of electrons in crystal lattices},
  author       = {R. De L. Kronig and William George Penney},
  publisher    = {The Royal Society},
  volume       = {130},
  number       = {814},
  pages        = {499--513},
  doi          = {10.1098/rspa.1931.0019},
  date         = {1931-02-03},
  journaltitle = {Proceedings of the Royal Society of London. Series A. Mathematical and Physical Sciences}
}
,
@article{Singh1983,
  title        = {Kronig-Penney model in reciprocal lattice space},
  author       = {Surjit Singh},
  publisher    = {American Association of Physics Teachers ({AAPT})},
  volume       = {51},
  number       = {2},
  pages        = {179--179},
  doi          = {10.1119/1.13321},
  date         = {1983-02},
  journaltitle = {American Journal of Physics}
}
,
@article{Cho1987,
  title        = {New formalism of the Kronig-Penney model with application to superlattices},
  author       = {Hung-Sik Cho and Paul R. Prucnal},
  publisher    = {American Physical Society ({APS})},
  volume       = {36},
  number       = {6},
  pages        = {3237--3242},
  doi          = {10.1103/physrevb.36.3237},
  date         = {1987-08-15},
  journaltitle = {Physical Review B}
}
,
@article{Yuh1988,
  title        = {Formalism of the Kronig-Penney model for superlattices of variable basis},
  author       = {Perng-fei Yuh and K. L. Wang},
  publisher    = {American Physical Society ({APS})},
  volume       = {38},
  number       = {18},
  pages        = {13307--13315},
  doi          = {10.1103/physrevb.38.13307},
  date         = {1988-12-15},
  journaltitle = {Physical Review B}
}
,
@article{Hellmann1935,
  title        = {A New Approximation Method in the Problem of Many Electrons},
  author       = {H. Hellmann},
  publisher    = {{AIP} Publishing},
  volume       = {3},
  number       = {1},
  pages        = {61--61},
  doi          = {10.1063/1.1749559},
  date         = {1935-01},
  journaltitle = {The Journal of Chemical Physics}
}
,
@article{Topp1973,
  title        = {Chemically Motivated Pseudopotential for Sodium},
  author       = {William C. Topp and John J. Hopfield},
  publisher    = {American Physical Society ({APS})},
  volume       = {7},
  number       = {4},
  pages        = {1295--1303},
  doi          = {10.1103/physrevb.7.1295},
  date         = {1973-02-15},
  journaltitle = {Physical Review B}
}
,
@article{Loewdin1951,
  title        = {A Note on the Quantum-Mechanical Perturbation Theory},
  author       = {Per-Olov L√∂wdin},
  publisher    = {{AIP} Publishing},
  volume       = {19},
  number       = {11},
  pages        = {1396--1401},
  doi          = {10.1063/1.1748067},
  date         = {1951-11},
  journaltitle = {The Journal of Chemical Physics}
}
,
@article{Luttinger1955,
  title        = {Motion of Electrons and Holes in Perturbed Periodic Fields},
  author       = {J. M. Luttinger and W. Kohn},
  publisher    = {American Physical Society ({APS})},
  volume       = {97},
  number       = {4},
  pages        = {869--883},
  doi          = {10.1103/physrev.97.869},
  date         = {1955-02-15},
  journaltitle = {Physical Review}
}
,
@book{Deen2012,
  title        = {Silicon Photonics},
  author       = {Deen, M. Jamal and Basu, Prasanta Kumar},
  publisher    = {John Wiley \& Sons},
  address      = {Hoboken, NJ},
  series       = {Wiley Series in Materials for Electronic and Optoelectronic Applications},
  doi          = {10.1002/9781119945161},
  isbn         = {978-1-119-94090-6},
  date         = {2012-03-29},
  subtitle     = {Fundamentals and Devices}
}
,
@article{Kane1957,
  title        = {Band Structure Of Indium Antimonide},
  author       = {Evan O. Kane},
  publisher    = {Elsevier {BV}},
  volume       = {1},
  number       = {4},
  pages        = {249--261},
  doi          = {10.1016/0022-3697(57)90013-6},
  date         = {1957-01},
  journaltitle = {Journal of Physics and Chemistry of Solids}
}
,
@article{Chuang1996,
  title        = {$\vb{k}\cdot\vb{p}$~method for strained wurtzite semiconductors},
  author       = {S. L. Chuang and C. S. Chang},
  publisher    = {American Physical Society ({APS})},
  volume       = {54},
  number       = {4},
  pages        = {2491--2504},
  doi          = {10.1103/physrevb.54.2491},
  date         = {1996-07-15},
  journaltitle = {Physical Review B}
}
,
@article{Bahder1990,
  title        = {Eight-band~$\vb{k}\cdot\vb{p}$~model of strained zinc-blende crystals},
  author       = {Thomas B. Bahder},
  publisher    = {American Physical Society ({APS})},
  volume       = {41},
  number       = {17},
  pages        = {11992--12001},
  doi          = {10.1103/physrevb.41.11992},
  date         = {1990-06-15},
  journaltitle = {Physical Review B}
}
,
@article{Enders1995,
  title        = {$\vb{k}\cdot\vb{p}$~theory of energy bands, wave functions, and optical selection rules in strained tetrahedral semiconductors},
  author       = {P. Enders and A. B√§rwolff and M. Woerner and D. Suisky},
  publisher    = {American Physical Society ({APS})},
  volume       = {51},
  number       = {23},
  pages        = {16695--16704},
  doi          = {10.1103/physrevb.51.16695},
  date         = {1995-06-15},
  journaltitle = {Physical Review B}
}
,
@article{Zhukov2013,
  title        = {Applicability Of The Six-Band $\vb{k}\cdot\vb{p}$-Model Equations To Semiconductor Heterostructures},
  author       = {V. P. Zhukov and M. P. Fedoruk and A. F. Zinov'eva and A. V. Nenashev and A. V. Dvurechenskii},
  publisher    = {Allerton Press},
  volume       = {49},
  number       = {5},
  pages        = {450--460},
  doi          = {10.3103/s8756699013050051},
  date         = {2013-09},
  journaltitle = {Optoelectronics, Instrumentation and Data Processing}
}
,
@article{Chao1992,
  title        = {Spin-orbit-coupling effects on the valence-band structure of strained semiconductor quantum wells},
  author       = {Calvin Yi-Ping Chao and Shun Lien Chuang},
  publisher    = {American Physical Society ({APS})},
  volume       = {46},
  number       = {7},
  pages        = {4110--4122},
  doi          = {10.1103/physrevb.46.4110},
  date         = {1992-08-15},
  journaltitle = {Physical Review B}
}
,
@article{Luttinger1956,
  title        = {Quantum Theory of Cyclotron Resonance in Semiconductors: General Theory},
  author       = {J. M. Luttinger},
  publisher    = {American Physical Society ({APS})},
  volume       = {102},
  number       = {4},
  pages        = {1030--1041},
  doi          = {10.1103/physrev.102.1030},
  date         = {1956-05-15},
  journaltitle = {Physical Review}
}
,
@incollection{Kane1966,
  title        = {Chapter 3: The $\vb{k}\cdot\vb{p}$ Method},
  author       = {E. O. Kane},
  booktitle    = {Semiconductors and Semimetals},
  publisher    = {Academic Press},
  address      = {Cambridge, MA},
  series       = {Semiconductors and Semimetals},
  volume       = {1},
  pages        = {75--100},
  doi          = {10.1016/S0080-8784(08)62376-5},
  isbn         = {978-0-12-752101-5},
  date         = {1966},
  editor       = {R. K. Willardson and Albert C. Beer}
}
,
@article{Li2004,
  title        = {A quantum correction Poisson equation for metal{\textendash}oxide{\textendash}semiconductor structure simulation},
  author       = {Yiming Li},
  publisher    = {{IOP} Publishing},
  volume       = {19},
  number       = {7},
  pages        = {917--922},
  doi          = {10.1088/0268-1242/19/7/024},
  date         = {2004-06-08},
  journaltitle = {Semiconductor Science and Technology}
}
,
@article{Jomaa2005,
  title        = {The embedded finite difference method for the Poisson equation in a domain with an irregular boundary and Dirichlet boundary conditions},
  author       = {Z. Jomaa and C. Macaskill},
  publisher    = {Elsevier {BV}},
  volume       = {202},
  number       = {2},
  pages        = {488--506},
  doi          = {10.1016/j.jcp.2004.07.011},
  date         = {2005-01-20},
  journaltitle = {Journal of Computational Physics}
}
,
@article{Ma2013,
  title        = {A Novel Fast Solver For Poisson's Equation With Neumann Boundary Condition},
  author       = {Zu-Hui Ma and Weng Cho Chew and Lijun Jiang},
  publisher    = {The Electromagnetics Academy},
  volume       = {136},
  pages        = {195--209},
  doi          = {10.2528/pier12112010},
  date         = {2013-01-17},
  journaltitle = {Progress In Electromagnetics Research}
}
,
@article{Sabathil2002,
  title        = {Towards Fully Quantum Mechanical 3D Device Simulations},
  author       = {M. Sabathil and S. Hackenbuchner and J. A. Majewski and G. Zandler and P. Vogl},
  publisher    = {Springer},
  volume       = {1},
  number       = {1/2},
  pages        = {81--85},
  doi          = {10.1023/a:1020719928653},
  date         = {2002},
  journaltitle = {Journal of Computational Electronics}
}
,
@article{Mamaluy2005,
  title        = {Contact block reduction method for ballistic transport and carrier densities of open nanostructures},
  author       = {D. Mamaluy and D. Vasileska and M. Sabathil and T. Zibold and P. Vogl},
  publisher    = {American Physical Society ({APS})},
  volume       = {71},
  number       = {24},
  doi          = {10.1103/physrevb.71.245321},
  date         = {2005-06-23},
  eid          = {245321},
  journaltitle = {Physical Review B}
}
,
@article{Mamaluy2003,
  title        = {Efficient method for the calculation of ballistic quantum transport},
  author       = {D. Mamaluy and M. Sabathil and P. Vogl},
  publisher    = {{AIP} Publishing},
  volume       = {93},
  number       = {8},
  pages        = {4628--4633},
  doi          = {10.1063/1.1560567},
  date         = {2003-03-28},
  journaltitle = {Journal of Applied Physics}
}
,
@article{Bank1993,
  title        = {An analysis of the composite step biconjugate gradient method},
  author       = {Randolph E. Bank and Tony F. Chan},
  publisher    = {Springer},
  volume       = {66},
  number       = {1},
  pages        = {295--319},
  doi          = {10.1007/bf01385699},
  date         = {1993-12},
  journaltitle = {Numerische Mathematik}
}
,
@book{Bai2000,
  title        = {Templates for the Solution of Algebraic Eigenvalue Problems - A Practical Guide},
  author       = {Bai, Zhaojun and Demmel, James and Dongarra, Jack and Ruhe, Axel and Vorst, Henk van der},
  publisher    = {Society for Industrial {\&} Applied Mathematics ({SIAM})},
  address      = {Philadelphia, PA},
  doi          = {10.1137/1.9780898719581},
  isbn         = {978-0-898-71471-5},
  date         = {2000}
}
,
@article{Dupont1968,
  title        = {An Approximate Factorization Procedure for Solving Self-Adjoint Elliptic Difference Equations},
  author       = {Todd Dupont and Richard P. Kendall and H. H. Rachford, Jr.},
  publisher    = {Society for Industrial {\&} Applied Mathematics ({SIAM})},
  volume       = {5},
  number       = {3},
  pages        = {559--573},
  doi          = {10.1137/0705045},
  date         = {1968-09},
  journaltitle = {{SIAM} Journal on Numerical Analysis}
}
,
@book{Lehoucq1998,
  title        = {ARPACK Users' Guide},
  author       = {Lehoucq, Richard B. and Sorensen, Danny C. and Yang, Chao},
  publisher    = {Society for Industrial {\&} Applied Mathematics ({SIAM})},
  address      = {Philadelphia, PA},
  series       = {Software, Environments, and Tools},
  doi          = {10.1137/1.9780898719628},
  isbn         = {978-0-898-71407-4},
  date         = {1998},
  subtitle     = {Solution of Large-scale Eigenvalue Problems with Implicitly Restarted Arnoldi Methods}
}
,
@article{Bergveld1970,
  title        = {Development of an Ion-Sensitive Solid-State Device for Neurophysiological Measurements},
  author       = {P. Bergveld},
  publisher    = {Institute of Electrical and Electronics Engineers ({IEEE})},
  volume       = {17},
  number       = {1},
  pages        = {70--71},
  doi          = {10.1109/tbme.1970.4502688},
  date         = {1970-01},
  journaltitle = {{IEEE} Transactions on Biomedical Engineering}
}
,
@article{Healy1978,
  title        = {Ionizable Surface Group Models Of Aqueous Interfaces},
  author       = {Thomas W. Healy and Lee R. White},
  publisher    = {Elsevier {BV}},
  volume       = {9},
  number       = {4},
  pages        = {303--345},
  doi          = {10.1016/0001-8686(78)85002-7},
  date         = {1978-06},
  journaltitle = {Advances in Colloid and Interface Science}
}
,
@article{Bayer2005,
  title        = {Theoretical study of electrolyte gate {AlGaN}/{GaN} field effect transistors},
  author       = {M. Bayer and C. Uhl and P. Vogl},
  publisher    = {{AIP} Publishing},
  volume       = {97},
  number       = {3},
  doi          = {10.1063/1.1847730},
  date         = {2005-01-05},
  eid          = {033703},
  journaltitle = {Journal of Applied Physics}
}
,
@article{Meijerink1977,
  title        = {An Iterative Solution Method for Linear Systems of Which the Coefficient Matrix is a Symmetric M-Matrix},
  author       = {J. A. Meijerink and H. A. van der Vorst},
  publisher    = {{JSTOR}},
  volume       = {31},
  number       = {137},
  pages        = {148--162},
  doi          = {10.2307/2005786},
  date         = {1977-01},
  journaltitle = {Mathematics of Computation}
}
,
@article{Trellakis1997,
  title        = {Iteration scheme for the solution of the two-dimensional Schr\"{o}dinger-Poisson equations in quantum structures},
  author       = {A. Trellakis and A. T. Galick and A. Pacelli and U. Ravaioli},
  publisher    = {{AIP} Publishing},
  volume       = {81},
  number       = {12},
  pages        = {7880--7884},
  doi          = {10.1063/1.365396},
  date         = {1997-06},
  journaltitle = {Journal of Applied Physics}
}
,
@article{Lanczos1952,
  title        = {Solution of systems of linear equations by minimized iterations},
  author       = {C. Lanczos},
  publisher    = {National Institute of Standards and Technology ({NIST})},
  volume       = {49},
  number       = {1},
  pages        = {33--53},
  doi          = {10.6028/jres.049.006},
  date         = {1952-07},
  journaltitle = {Journal of Research of the National Bureau of Standards}
}
,
@article{Hestenes1952,
  title        = {Methods of conjugate gradients for solving linear systems},
  author       = {M.R. Hestenes and E. Stiefel},
  publisher    = {National Institute of Standards and Technology ({NIST})},
  volume       = {49},
  number       = {6},
  pages        = {409--436},
  doi          = {10.6028/jres.049.044},
  date         = {1952-12},
  journaltitle = {Journal of Research of the National Bureau of Standards}
}
,
@book{Greenbaum1997,
  title        = {Iterative Methods for Solving Linear Systems},
  author       = {Greenbaum, Anne},
  publisher    = {Society for Industrial {\&} Applied Mathematics ({SIAM})},
  address      = {Philadelphia, PA},
  series       = {Frontiers in Applied Mathematics},
  isbn         = {978-0-898-71396-1},
  date         = {1997}
}
,
@article{Sleijpen1996,
  title        = {A Jacobi-Davidson Iteration Method for Linear Eigenvalue Problems},
  author       = {Gerard L. G. Sleijpen and Henk A. Van der Vorst},
  publisher    = {Society for Industrial {\&} Applied Mathematics ({SIAM})},
  volume       = {17},
  number       = {2},
  pages        = {401--425},
  doi          = {10.1137/s0895479894270427},
  date         = {1996-04},
  journaltitle = {{SIAM} Journal on Matrix Analysis and Applications}
}
,
@article{Jenkins2005,
  title        = {A brief history of ... semiconductors},
  author       = {Tudor Jenkins},
  publisher    = {{IOP} Publishing},
  volume       = {40},
  number       = {5},
  pages        = {430--439},
  doi          = {10.1088/0031-9120/40/5/002},
  date         = {2005-09},
  journaltitle = {Physics Education}
}
,
@article{Alferov1998,
  title        = {The history and future of semiconductor heterostructures},
  author       = {Zh. I. Alferov},
  publisher    = {Pleiades Publishing Ltd},
  volume       = {32},
  number       = {1},
  pages        = {1--14},
  doi          = {10.1134/1.1187350},
  date         = {1998-01},
  journaltitle = {Semiconductors}
}
,
@article{Lukasiak2010,
  title        = {History of Semiconductors},
  author       = {≈Åukasiak, Lidia and Jakubowski, Andrzej},
  volume       = {2010},
  number       = {1},
  pages        = {3--9},
  date         = {2010-01},
  journaltitle = {Journal of Telecommunications \& Information Technology}
}
,
@article{Klein2016,
  title        = {The History of Semiconductor Memory},
  author       = {Dean Klein},
  publisher    = {Institute of Electrical and Electronics Engineers ({IEEE})},
  volume       = {8},
  number       = {2},
  pages        = {16--22},
  doi          = {10.1109/mssc.2016.2548422},
  date         = {2016},
  subtitle     = {From Magnetic Tape to {NAND} Flash Memory},
  journaltitle = {{IEEE} Solid-State Circuits Magazine}
}
,
@article{Gabor1948,
  title        = {A New Microscopic Principle},
  author       = {Dennis Gabor},
  publisher    = {Springer},
  volume       = {161},
  number       = {4098},
  pages        = {777--778},
  date         = {1948},
  journaltitle = {Nature}
}
,
@article{Gabor1949,
  title        = {Microscopy By Reconstructed Wave-Fronts},
  author       = {Dennis Gabor},
  publisher    = {The Royal Society},
  volume       = {197},
  number       = {1051},
  pages        = {454--487},
  doi          = {10.1098/rspa.1949.0075},
  date         = {1949-07},
  journaltitle = {Proceedings of the Royal Society of London. Series A. Mathematical and Physical Sciences}
}
,
@misc{Gabor1971,
  title        = {Holography, 1948-1971},
  author       = {Dennis Gabor},
  date         = {1971-12-11},
  subtitle     = {Nobel Lecture}
}
,
@misc{Ruska1986,
  title        = {The Development Of The Electron Microscope And Of Electron Microscopy},
  author       = {Ernst Ruska},
  date         = {1986-12-06},
  subtitle     = {Nobel Lecture}
}
,
@article{Ruska1932-I,
  title        = {Beitrag zur geometrischen Elektronenoptik {I}},
  author       = {M. Knoll and E. Ruska},
  publisher    = {John Wiley \& Sons},
  volume       = {404},
  number       = {5},
  pages        = {607--640},
  doi          = {10.1002/andp.19324040506},
  date         = {1932},
  journaltitle = {Annalen der Physik}
}
,
@article{Ruska1932-II,
  title        = {Beitrag zur geometrischen Elektronenoptik. {II}},
  author       = {M. Knoll and E. Ruska},
  publisher    = {John Wiley \& Sons},
  volume       = {404},
  number       = {6},
  pages        = {641--661},
  doi          = {10.1002/andp.19324040602},
  date         = {1932},
  journaltitle = {Annalen der Physik}
}
,
@article{Robinson1986,
  title        = {Electron Microscope Inventors Share Nobel Physics Prize},
  author       = {Arthur L. Robinson},
  publisher    = {American Association for the Advancement of Science ({AAAS})},
  volume       = {234},
  number       = {4778},
  pages        = {821--822},
  doi          = {10.1126/science.234.4778.821},
  date         = {1986-11},
  journaltitle = {Science}
}
,
@article{Cowley1992,
  title        = {Twenty forms of electron holography},
  author       = {J.M. Cowley},
  publisher    = {Elsevier {BV}},
  volume       = {41},
  number       = {4},
  pages        = {335--348},
  doi          = {10.1016/0304-3991(92)90213-4},
  date         = {1992-06},
  journaltitle = {Ultramicroscopy}
}
,
@article{Lichte1986,
  title        = {Electron Holography Approaching Atomic Resolution},
  author       = {Hannes Lichte},
  publisher    = {Elsevier {BV}},
  volume       = {20},
  number       = {3},
  pages        = {293--304},
  doi          = {10.1016/0304-3991(86)90193-2},
  date         = {1986-01},
  journaltitle = {Ultramicroscopy}
}
,
@article{Tonomura1987,
  title        = {Applications of electron holography},
  author       = {Akira Tonomura},
  publisher    = {American Physical Society ({APS})},
  volume       = {59},
  number       = {3},
  pages        = {639--669},
  doi          = {10.1103/revmodphys.59.639},
  date         = {1987-07},
  journaltitle = {Reviews of Modern Physics}
}
,
@article{DuninBorkowski2004,
  title        = {Off-Axis Electron Holography Of Magnetic Nanowires And Chains, Rings, and Planar Arrays Of Magnetic Nanoparticles},
  author       = {Rafal E. Dunin-Borkowski and Takeshi Kasama and Alexander Wei and Steven L. Tripp and Martin J. H√øtch and Etienne Snoeck and Richard J. Harrison and Andrew Putnis},
  publisher    = {Wiley},
  volume       = {64},
  number       = {5-6},
  pages        = {390--402},
  doi          = {10.1002/jemt.20098},
  date         = {2004-08},
  journaltitle = {Microscopy Research and Technique}
}
,
@article{Kisielowski2008,
  title        = {Detection of Single Atoms and Buried Defects in Three Dimensions by Aberration-Corrected Electron Microscope with 0.5-√Ö Information Limit},
  author       = {C. Kisielowski and B. Freitag and M. Bischoff and H. van Lin and S. Lazar and G. Knippels and P. Tiemeijer and M. van der Stam and S. von Harrach and M. Stekelenburg and M. Haider and S. Uhlemann and H. M√ºller and P. Hartel and B. Kabius and D. Miller and I. Petrov and E.A. Olson and T. Donchev and E.A. Kenik and A.R. Lupini and J. Bentley and S.J. Pennycook and I.M. Anderson and A.M. Minor and A.K. Schmid and T. Duden and V. Radmilovic and Q.M. Ramasse and M. Watanabe and R. Erni and E.A. Stach and P. Denes and U. Dahmen},
  publisher    = {Cambridge University Press ({CUP})},
  volume       = {14},
  number       = {5},
  pages        = {469--477},
  doi          = {10.1017/s1431927608080902},
  date         = {2008-09},
  journaltitle = {Microscopy and Microanalysis}
}
,
@article{Franken2017,
  title        = {Transmission Electron Microscopy as a Tool for the Characterization of Soft Materials},
  author       = {Linda E. Franken and Egbert J. Boekema and Marc C. A. Stuart},
  publisher    = {John Wiley \& Sons},
  volume       = {4},
  number       = {5},
  pages        = {1600476},
  doi          = {10.1002/advs.201600476},
  date         = {2017-01},
  subtitle     = {Application and Interpretation},
  journaltitle = {Advanced Science}
}
,
@article{Curry2006,
  title        = {Application of transmission electron microscopy to the clinical study of viral and bacterial infections},
  author       = {Alan Curry and Hazel Appleton and Barry Dowsett},
  publisher    = {Elsevier {BV}},
  volume       = {37},
  number       = {2},
  pages        = {91--106},
  doi          = {10.1016/j.micron.2005.10.001},
  date         = {2006-02},
  subtitle     = {Present and future},
  journaltitle = {Micron}
}
,
@article{Li2019,
  title        = {\emph{In Situ} Transmission Electron Microscopy for Energy Applications},
  author       = {Jing Li and Grayson Johnson and Sen Zhang and Dong Su},
  publisher    = {Elsevier {BV}},
  volume       = {3},
  number       = {1},
  pages        = {4--8},
  doi          = {10.1016/j.joule.2018.12.007},
  date         = {2019-01},
  journaltitle = {Joule}
}
,
@book{Deepak2015,
  title        = {Advanced Transmission Electron Microscopy},
  author       = {Deepak, Francis Leonard and Mayoral, Alvaro and Arenal, Raul},
  publisher    = {Springer},
  address      = {Berlin, Germany},
  doi          = {10.1007/978-3-319-15177-9},
  isbn         = {978-3-319-15176-2},
  date         = {2015-06-25},
  subtitle     = {Applications to Nanomaterials}
}
,
@article{Lehmann2002,
  title        = {Tutorial on Off-Axis Electron Holography},
  author       = {Michael Lehmann and Hannes Lichte},
  publisher    = {Cambridge University Press ({CUP})},
  volume       = {8},
  number       = {6},
  pages        = {447--466},
  doi          = {10.1017/S1431927602020147},
  date         = {2002-12},
  journaltitle = {Microscopy and Microanalysis}
}
,
@article{Lichte2008,
  title        = {Electron Holography A Basics and Applications},
  author       = {Hannes Lichte and Michael Lehmann},
  publisher    = {{IOP} Publishing},
  volume       = {71},
  number       = {1},
  doi          = {10.1088/0034-4885/71/1/016102},
  date         = {2008-01},
  eid          = {016102},
  journaltitle = {Reports on Progress in Physics}
}
,
@book{Voelkl1999,
  title        = {Introduction to Electron Holography},
  author       = {Edgar V√∂lkl},
  location     = {Berlin, Germany},
  publisher    = {Springer},
  doi          = {10.1007/978-1-4615-4817-1},
  isbn         = {978-0-306-44920-8},
  date         = {1999-04-30}
}
,
@article{Moellenstedt1956,
  title        = {Beobachtungen und Messungen an Biprisma-Interferenzen mit Elektronenwellen},
  author       = {G. M√∂llenstedt and H. D√ºker},
  publisher    = {Springer Science and Business Media {LLC}},
  volume       = {145},
  number       = {3},
  pages        = {377--397},
  doi          = {10.1007/BF01326780},
  date         = {1956-06},
  journaltitle = {Zeitschrift f√ºr Physik}
}
,
@phdthesis{LehmannPhD1997,
  title        = {Numerical Reconstruction of the Aberration-Free Object Wave of Off-Axis Electron Holograms},
  author       = {Michael Lehmann},
  location     = {T√ºbingen, Germany},
  school       = {University of T√ºbingen},
  date         = {1997}
}
,
@article{Lehmann1994,
  title        = {Reconstruction of electron off-axis holograms},
  author       = {Michael Lehmann and Edgar V√∂lkl and Friedrich Lenz},
  publisher    = {Elsevier {BV}},
  volume       = {54},
  number       = {2-4},
  pages        = {335--344},
  doi          = {10.1016/0304-3991(94)90133-3},
  date         = {1994-06},
  subtitle     = {a new and fast alternative method},
  journaltitle = {Ultramicroscopy}
}
,
@article{Voelkl1995,
  title        = {A software package for the processing and reconstruction of electron holograms},
  author       = {E. V√∂lkl and L. F. Allard and B. Frost},
  publisher    = {Wiley},
  volume       = {180},
  number       = {1},
  pages        = {39--50},
  doi          = {10.1111/j.1365-2818.1995.tb03655.x},
  date         = {1995-10},
  journaltitle = {Journal of Microscopy}
}
,
@book{Hawkes2019,
  title        = {Springer Handbook of Microscopy},
  author       = {Hawkes, Peter W. and Spence, John C.H.},
  publisher    = {Springer},
  address      = {Berlin, Germany},
  isbn         = {978-3-030-00068-4},
  date         = {2019}
}
,
@book{Williams2009,
  title        = {Transmission Electron Microscopy},
  author       = {Williams, David B. and Carter, C. Barry},
  publisher    = {Springer},
  address      = {Berlin, Germany},
  isbn         = {978-0-387-76500-6},
  date         = {2009},
  subtitle     = {A Textbook for Materials Science},
  edition      = {2nd}
}
,
@phdthesis{BrogliePhD1924,
  title        = {Recherches sur la Th{\'{e}}orie des Quanta},
  author       = {Louis-Victor Pierre Raymond de Broglie},
  location     = {Paris, France},
  school       = {University of Paris},
  date         = {1924}
}
,
@misc{Broglie1929,
  title        = {The wave nature of the electron},
  author       = {Louis-Victor Pierre Raymond de Broglie},
  date         = {1929-12-12},
  subtitle     = {Nobel Lecture}
}
,
@article{Frabboni1987,
  title        = {Observation Of Electrostatic Fields By Electron Holography},
  author       = {S. Frabboni and G. Matteucci and G. Pozzi},
  publisher    = {Elsevier {BV}},
  volume       = {23},
  number       = {1},
  pages        = {29--37},
  doi          = {10.1016/0304-3991(87)90224-5},
  date         = {1987-01},
  subtitle     = {The Case Of Reverse-Biased $p$-$n$-Junctions},
  journaltitle = {Ultramicroscopy}
}
,
@article{Twitchett2002,
  title        = {Quantitative Electron Holography of Biased Semiconductor Devices},
  author       = {A. C. Twitchett and R. E. Dunin-Borkowski and P. A. Midgley},
  publisher    = {American Physical Society ({APS})},
  volume       = {88},
  number       = {23},
  doi          = {10.1103/physrevlett.88.238302},
  date         = {2002-06-10},
  journaltitle = {Physical Review Letters}
}
,
@article{Cooper2006,
  title        = {Improvement in electron holographic phase images of focused-ion-beam-milled {GaAs} and {Si} $p$-$n$-junctions by in situ annealing},
  author       = {David Cooper and Alison C. Twitchett and Philippa K. Somodi and Paul A. Midgley and Rafal E. Dunin-Borkowski and Ian Farrer and David A. Ritchie},
  publisher    = {{AIP} Publishing},
  volume       = {88},
  number       = {6},
  doi          = {10.1063/1.2172068},
  date         = {2006-02},
  eid          = {063510},
  journaltitle = {Applied Physics Letters}
}
,
@article{Cooper2007,
  title        = {The influence of electron irradiation on electron holography of focused ion beam milled {GaAs} $p$-$n$-junctions},
  author       = {David Cooper and Alison C. Twitchett-Harrison and Paul A. Midgley and Rafal E. Dunin-Borkowski},
  publisher    = {{AIP} Publishing},
  volume       = {101},
  number       = {9},
  doi          = {10.1063/1.2730557},
  date         = {2007-05},
  eid          = {094508},
  journaltitle = {Journal of Applied Physics}
}
,
@article{Cooper2009,
  title        = {Quantitative off-axis electron holography of {GaAs} $p$-$n$-junctions prepared by focused ion beam milling},
  author       = {D. Cooper and R. Truche and A.C. Twitchett-Harrison and R.E. Dunin-Borkowski and P.A. Midgley},
  publisher    = {Wiley},
  volume       = {233},
  number       = {1},
  pages        = {102--113},
  doi          = {10.1111/j.1365-2818.2008.03101.x},
  date         = {2009-01},
  journaltitle = {Journal of Microscopy}
}
,
@article{Somodi2013,
  title        = {Finite element simulations of electrostatic dopant potentials in thin semiconductor specimens for electron holography},
  author       = {Somodi, P.K. and Twitchett-Harrison, A.C. and Midgley, P.A. and Kardyna≈Ç, B.E. and Barnes, C.H.W. and Dunin-Borkowski, R.E.},
  volume       = {134},
  pages        = {160--166},
  doi          = {10.1016/j.ultramic.2013.06.023},
  date         = {2013-11},
  journaltitle = {Ultramicroscopy}
}
,
@article{He2013,
  title        = {Silicon nanowires},
  author       = {Kai He and Jeong-Hyun Cho and Yeonwoong Jung and S Tom Picraux and John Cumings},
  publisher    = {{IOP} Publishing},
  volume       = {24},
  number       = {11},
  pages        = {115703},
  doi          = {10.1088/0957-4484/24/11/115703},
  date         = {2013-03},
  subtitle     = {electron holography studies of doped $p$-$n$-junctions and biased Schottky barriers},
  journaltitle = {Nanotechnology}
}
,
@article{Yazdi2015,
  title        = {Towards quantitative electrostatic potential mapping of working semiconductor devices using off-axis electron holography},
  author       = {Sadegh Yazdi and Takeshi Kasama and Marco Beleggia and Maryam Samaie Yekta and David W. McComb and Alison C. Twitchett-Harrison and Rafal E. Dunin-Borkowski},
  publisher    = {Elsevier {BV}},
  volume       = {152},
  pages        = {10--20},
  doi          = {10.1016/j.ultramic.2014.12.012},
  date         = {2015-05},
  journaltitle = {Ultramicroscopy}
}
,
@article{Beleggia2014,
  title        = {Towards quantitative off-axis electron holographic mapping of the electric field around the tip of a sharp biased metallic needle},
  author       = {Beleggia, M. and Kasama, T. and Larson, D. J. and Kelly, T. F. and Dunin-Borkowski, R. E. and Pozzi, G.},
  volume       = {116},
  number       = {2},
  doi          = {10.1063/1.4887448},
  date         = {2014-07-14},
  journaltitle = {Journal of Applied Physics},
  eid          = {024305}
}
,
@article{Kruse2006,
  title        = {Determination of the mean inner potential in {{III}}‚Äì{{V}} semiconductors, {{Si}} and {{Ge}} by density functional theory and electron holography},
  author       = {Kruse, P. and Schowalter, M. and Lamoen, D. and Rosenauer, A. and Gerthsen, D.},
  volume       = {106},
  number       = {2},
  pages        = {105--113},
  doi          = {10.1016/j.ultramic.2005.06.057},
  date         = {2006-01},
  journaltitle = {Ultramicroscopy}
}
,
@article{Sabnis1978,
  title        = {Junction potentials of strongly illuminated $n^+$-$p$-$p^+$ solar cells},
  author       = {Sabnis, Anant G.},
  volume       = {21},
  number       = {3},
  pages        = {581--587},
  doi          = {10.1016/0038-1101(78)90030-8},
  date         = {1978-03},
  journaltitle = {Solid-State Electronics}
}
,
@article{Twitchett-Harrison2007,
  title        = {High-Resolution Three-Dimensional Mapping of Semiconductor Dopant Potentials},
  author       = {Twitchett-Harrison, Alison C. and Yates, Timothy J. V. and Newcomb, Simon B. and Dunin-Borkowski, Rafal E. and Midgley, Paul A.},
  volume       = {7},
  number       = {7},
  pages        = {2020--2023},
  doi          = {10.1021/nl070858n},
  date         = {2007-07-01},
  journaltitle = {Nano Letters}
}
,
@article{Beleggia2003,
  title        = {Influence of charged oxide layers on {{TEM}} imaging of reverse-biased p-n junctions},
  author       = {Beleggia, M. and Fazzini, P. F. and Merli, P.G. and Pozzi, G.},
  volume       = {67},
  number       = {4},
  pages        = {045328},
  doi          = {10.1103/PhysRevB.67.045328},
  date         = {2003-01-31},
  journaltitle = {Physical Review B}
}
,
@article{Radon1917,
  title        = {On the Determination of Functions from Their Integral Values Along Certain Manifolds},
  author       = {Radon, Johann Karl August},
  volume       = {5},
  number       = {4},
  pages        = {170--176},
  doi          = {10.1109/TMI.1986.4307775},
  date         = {1986-12},
  journaltitle = {IEEE Transactions on Medical Imaging}
}
,
@book{Herman2009,
  title        = {Fundamentals of Computerized Tomography},
  author       = {Herman, Gabor T. and Herman, Gabor T.},
  location     = {Dordrecht, NY},
  publisher    = {Springer},
  series       = {Advances in Pattern Recognition},
  isbn         = {978-1-85233-617-2},
  subtitle     = {Image Reconstruction from Projections},
  date         = {2009},
  edition      = {2nd ed}
}
,
@book{Kuchment2014,
  title        = {The Radon Transform and Medical Imaging},
  author       = {Kuchment, Peter},
  location     = {Philadelphia, PA},
  publisher    = {Society for Industrial and Applied Mathematics},
  series       = {{{CBMS-NSF}} Regional Conference Series in Applied Mathematics},
  number       = {85},
  isbn         = {978-1-61197-328-0},
  date         = {2014}
}
,
@book{Ramm1996,
  title        = {The Radon Transform and Local Tomography},
  author       = {Ramm, A. G. and Katsevich, A. I.},
  location     = {Boca Raton, FL},
  publisher    = {CRC Press},
  isbn         = {978-0-8493-9492-8},
  date         = {1996}
}
,
@article{Miao2016,
  title        = {Atomic electron tomography: {{3D}} structures without crystals},
  author       = {Miao, J. and Ercius, P. and Billinge, S. J. L.},
  volume       = {353},
  number       = {6306},
  pages        = {aaf2157-aaf2157},
  doi          = {10.1126/science.aaf2157},
  date         = {2016-09-23},
  journaltitle = {Science}
}
,
@article{Scott2012,
  title        = {Electron tomography at 2.4-√•ngstr√∂m resolution},
  author       = {Scott, M. C. and Chen, Chien-Chun and Mecklenburg, Matthew and Zhu, Chun and Xu, Rui and Ercius, Peter and Dahmen, Ulrich and Regan, B. C. and Miao, Jianwei},
  volume       = {483},
  number       = {7390},
  pages        = {444--447},
  doi          = {10.1038/nature10934},
  date         = {2012-03},
  journaltitle = {Nature}
}
,
@article{Yang2017,
  title        = {Deciphering chemical order/disorder and material properties at the single-atom level},
  author       = {Yang, Yongsoo and Chen, Chien-Chun and Scott, M. C. and Ophus, Colin and Xu, Rui and Pryor, Alan and Wu, Li and Sun, Fan and Theis, Wolfgang and Zhou, Jihan and Eisenbach, Markus and Kent, Paul R. C. and Sabirianov, Renat F. and Zeng, Hao and Ercius, Peter and Miao, Jianwei},
  volume       = {542},
  number       = {7639},
  pages        = {75--79},
  doi          = {10.1038/nature21042},
  date         = {2017-02},
  journaltitle = {Nature}
}
,
@article{DaSilva2018,
  title        = {Quantitative region-of-interest tomography using variable field of view},
  author       = {Da Silva, J. C. and Guizar-Sicairos, M. and Holler, M. and Diaz, A. and Van Bokhoven, J. A. and Bunk, O. and Menzel, A.},
  volume       = {26},
  number       = {13},
  pages        = {16752},
  doi          = {10.1364/OE.26.016752},
  date         = {2018-06-25},
  journaltitle = {Optics Express}
}
,
@article{Maass1992,
  title        = {The Interior Radon Transform},
  author       = {Maass, Peter},
  volume       = {52},
  number       = {3},
  pages        = {710--724},
  doi          = {10.1137/0152040},
  date         = {1992-06},
  journaltitle = {SIAM Journal on Applied Mathematics}
}
,
@article{Pan2005,
  title        = {Image reconstruction in regions of interest from truncated {{Radon}} transforms of even dimensions},
  author       = {Pan, Xiaochuan and Zou, Yu},
  volume       = {21},
  number       = {3},
  pages        = {1169--1177},
  doi          = {10.1088/0266-5611/21/3/022},
  date         = {2005-06-01},
  journaltitle = {Inverse Problems}
}
,
@article{Lubk2014,
  title        = {Nanoscale three-dimensional reconstruction of electric and magnetic stray fields around nanowires},
  author       = {Lubk, A. and Wolf, D. and Simon, P. and Wang, C. and Sturm, S. and Felser, C.},
  volume       = {105},
  number       = {17},
  doi          = {10.1063/1.4900826},
  date         = {2014-10-27},
  journaltitle = {Applied Physics Letters},
  eid          = {173110}
}
,
@article{Wolf2014,
  title        = {Weighted simultaneous iterative reconstruction technique for single-axis tomography},
  author       = {Wolf, D. and Lubk, A. and Lichte, H.},
  volume       = {136},
  pages        = {15--25},
  doi          = {10.1016/j.ultramic.2013.07.016},
  date         = {2014-01},
  journaltitle = {Ultramicroscopy}
}
,
@article{Bracewell1967,
  title        = {Inversion of Fan-Beam Scans in Radio Astronomy},
  author       = {Bracewell, R. N. and Riddle, A. C.},
  volume       = {150},
  pages        = {427},
  doi          = {10.1086/149346},
  date         = {1967-11},
  journaltitle = {The Astrophysical Journal}
}
,
@article{Crowther1970,
  title        = {The reconstruction of a three-dimensional structure from projections and its application to electron microscopy},
  author       = {Crowther, R. A. and DeRosier, D. J. and Klug, A.},
  volume       = {317},
  number       = {1530},
  pages        = {319--340},
  doi          = {10.1098/rspa.1970.0119},
  date         = {1970-06-23},
  journaltitle = {Proceedings of the Royal Society of London. A. Mathematical and Physical Sciences}
}
,
@article{Yalisove2021,
  title        = {Limits of Three-Dimensional Resolution and Dose for Aberration-Corrected Electron Tomography},
  author       = {Yalisove, Reed and Sung, Suk Hyun and Ercius, Peter and Hovden, Robert},
  volume       = {15},
  number       = {1},
  pages        = {014003},
  doi          = {10.1103/PhysRevApplied.15.014003},
  date         = {2021-01-05},
  journaltitle = {Physical Review Applied}
}
,
@article{Gurugubelli2015,
  title        = {Analytical theory of the space-charge region of lateral {\emph{p-n}} junctions in nanofilms},
  author       = {Gurugubelli, Vijaya Kumar and Karmalkar, Shreepad},
  volume       = {118},
  number       = {3},
  doi          = {10.1063/1.4926478},
  date         = {2015-07-21},
  journaltitle = {Journal of Applied Physics},
  eid          = {034503}
}
,
@book{Jackson1999,
  title        = {Classical Electrodynamics},
  author       = {Jackson, John David},
  location     = {Hoboken, NJ},
  publisher    = {John Wiley \& Sons},
  isbn         = {978-0-471-30932-1},
  date         = {1999},
  edition      = {3rd ed}
}
,
@phdthesis{Wagner2022,
  title        = {Interference Gating},
  author       = {Tolga Wagner},
  location     = {Berlin, Germany},
  subtitle     = {A Novel Method for Time-Resolved Off-Axis Electron Holography},
  school       = {Technische Universit√§t Berlin},
  date         = {2022}
}
,
@article{Wagner2019,
  title        = {Nanosecond Electron Holography by Interference Gating},
  author       = {Wagner, Tolga and Niermann, Tore and Urban, Felix and Lehmann, Michael},
  volume       = {206},
  pages        = {112824},
  doi          = {10.1016/j.ultramic.2019.112824},
  date         = {2019-11},
  journaltitle = {Ultramicroscopy}
}
,
@article{Burnett2016,
  title        = {Large Volume Serial Section Tomography by {{Xe Plasma FIB}} Dual Beam Microscopy},
  author       = {Burnett, T.L. and Kelley, R. and Winiarski, B. and Contreras, L. and Daly, M. and Gholinia, A. and Burke, M.G. and Withers, P.J.},
  volume       = {161},
  pages        = {119--129},
  doi          = {10.1016/j.ultramic.2015.11.001},
  date         = {2016-02},
  journaltitle = {Ultramicroscopy}
}
,
@book{Giannuzzi2005,
  title        = {Introduction to Focused Ion Beams: Instrumentation, Theory, Techniques, and Practice},
  author       = {Giannuzzi, Lucille A. and Stevie, F. A.},
  location     = {{New York, NY}},
  publisher    = {Springer},
  isbn         = {978-0-387-23116-7},
  date         = {2005}
}
,
@book{Orloff2003,
  title        = {High Resolution Focused Ion Beams: {{FIB}} and Its Applications},
  author       = {Orloff, Jon and Utlaut, Mark and Swanson, Lynwood},
  location     = {{New York, NY}},
  publisher    = {Springer},
  isbn         = {978-1-4613-5229-7},
  subtitle     = {The Physics of Liquid Metal Ion Sources and Ion Optics and Their Application to Focused Ion Beam Technology},
  date         = {2003}
}
,
@article{Baldwin2018,
  title        = {Big Data in {{cryoEM}}: Automated Collection, Processing and Accessibility of {{EM}} Data},
  author       = {Baldwin, Philip R. and Tan, Yong Zi and Eng, Edward T. and Rice, William J. and Noble, Alex J. and Negro, Carl J. and Cianfrocco, Michael A. and Potter, Clinton S. and Carragher, Bridget},
  volume       = {43},
  pages        = {1--8},
  doi          = {10.1016/j.mib.2017.10.005},
  date         = {2018-06},
  journaltitle = {Current Opinion in Microbiology}
}
,
@article{Ophus2019,
  title        = {Four-Dimensional Scanning Transmission Electron Microscopy ({{4D-STEM}}): From Scanning Nanodiffraction to Ptychography and Beyond},
  shorttitle   = {Four-Dimensional Scanning Transmission Electron Microscopy ({{4D-STEM}})},
  author       = {Ophus, Colin},
  volume       = {25},
  number       = {3},
  pages        = {563--582},
  doi          = {10.1017/S1431927619000497},
  date         = {2019-06},
  journaltitle = {Microscopy and Microanalysis}
}
,
@article{Spurgeon2021,
  title        = {Towards Data-Driven next-Generation Transmission Electron Microscopy},
  author       = {Spurgeon, Steven R. and Ophus, Colin and Jones, Lewys and Petford-Long, Amanda and Kalinin, Sergei V. and Olszta, Matthew J. and Dunin-Borkowski, Rafal E. and Salmon, Norman and Hattar, Khalid and Yang, Wei-Chang D. and Sharma, Renu and Du, Yingge and Chiaramonti, Ann and Zheng, Haimei and Buck, Edgar C. and Kovarik, Libor and Penn, R. Lee and Li, Dongsheng and Zhang, Xin and Murayama, Mitsuhiro and Taheri, Mitra L.},
  volume       = {20},
  number       = {3},
  pages        = {274--279},
  doi          = {10.1038/s41563-020-00833-z},
  date         = {2021-03},
  journaltitle = {Nature Materials}
}
,
@article{Tate2016,
  title        = {High Dynamic Range Pixel Array Detector for Scanning Transmission Electron Microscopy},
  author       = {Tate, Mark W. and Purohit, Prafull and Chamberlain, Darol and Nguyen, Kayla X. and Hovden, Robert and Chang, Celesta S. and Deb, Pratiti and Turgut, Emrah and Heron, John T. and Schlom, Darrell G. and Ralph, Daniel C. and Fuchs, Gregory D. and Shanks, Katherine S. and Philipp, Hugh T. and Muller, David A. and Gruner, Sol M.},
  volume       = {22},
  number       = {1},
  pages        = {237--249},
  doi          = {10.1017/S1431927615015664},
  date         = {2016-02},
  journaltitle = {Microscopy and Microanalysis}
}
,
@article{Gatel2018,
  title        = {Unlimited Acquisition Time in Electron Holography by Automated Feedback Control of Transmission Electron Microscope},
  author       = {Gatel, C. and Dupuy, J. and Houdellier, F. and H√øtch, M. J.},
  volume       = {113},
  number       = {13},
  pages        = {133102},
  doi          = {10.1063/1.5050906},
  date         = {2018-09-24},
  journaltitle = {Applied Physics Letters}
}
,
@article{Takahashi2020,
  title        = {Automated acquisition of vast numbers of electron holograms with atomic-scale phase information},
  author       = {Takahashi, Yoshio and Akashi, Tetsuya and Sato, Atsuko and Tanigaki, Toshiaki and Shinada, Hiroyuki and Murakami, Yasukazu},
  volume       = {69},
  number       = {2},
  pages        = {132--139},
  doi          = {10.1093/jmicro/dfaa004},
  date         = {2020-04-08},
  journaltitle = {Microscopy}
}
,
@book{Collette2014,
  title        = {Python and {{HDF5}}},
  author       = {Collette, Andrew},
  location     = {Beijiing, China},
  publisher    = {O'Reilly},
  isbn         = {978-1-4493-6783-1},
  date         = {2014}
}
,
@inproceedings{AbdulRahman2005,
  title        = {Fast Three-Dimensional Phase-Unwrapping Algorithm Based on Sorting by Reliability Following a Non-Continuous Path},
  author       = {Abdul-Rahman, Hussein and Gdeisat, Munther and Burton, David and Lalor, Michael},
  location     = {Munich, Germany},
  doi          = {10.1117/12.611415},
  editor       = {Osten, Wolfgang and Gorecki, Christophe and Novak, Erik L.},
  date         = {2005-06-13},
  eventtitle   = {Optical Metrology}
}
,
@article{Harris2020,
  title        = {Array Programming with {{NumPy}}},
  author       = {Harris, Charles R. and Millman, K. Jarrod and family=Walt, given=St√©fan J., prefix=van der, useprefix=true and Gommers, Ralf and Virtanen, Pauli and Cournapeau, David and Wieser, Eric and Taylor, Julian and Berg, Sebastian and Smith, Nathaniel J. and Kern, Robert and Picus, Matti and Hoyer, Stephan and family=Kerkwijk, given=Marten H., prefix=van, useprefix=true and Brett, Matthew and Haldane, Allan and family=R√≠o, given=Jaime Fern√°ndez, prefix=del, useprefix=true and Wiebe, Mark and Peterson, Pearu and G√©rard-Marchant, Pierre and Sheppard, Kevin and Reddy, Tyler and Weckesser, Warren and Abbasi, Hameer and Gohlke, Christoph and Oliphant, Travis E.},
  volume       = {585},
  number       = {7825},
  pages        = {357--362},
  doi          = {10.1038/s41586-020-2649-2},
  date         = {2020-09-17},
  journaltitle = {Nature}
}
,
@article{Herraez2002,
  title        = {Fast Two-Dimensional Phase-Unwrapping Algorithm Based on Sorting by Reliability Following a Noncontinuous Path},
  author       = {Herr√°ez, Miguel Arevallilo and Burton, David R. and Lalor, Michael J. and Gdeisat, Munther A.},
  publisher    = {Optica Publishing Group},
  volume       = {41},
  number       = {35},
  pages        = {7437--7444},
  doi          = {10.1364/AO.41.007437},
  date         = {2002-12-10},
  journaltitle = {Applied Optics}
}
,
@article{Hunter2007,
  title        = {Matplotlib: {{A 2D Graphics Environment}}},
  author       = {Hunter, John D.},
  volume       = {9},
  number       = {3},
  pages        = {90--95},
  doi          = {10.1109/MCSE.2007.55},
  date         = {2007},
  journaltitle = {Computing in Science \& Engineering}
}
,
@article{Niermann2014,
  title        = {Averaging Scheme for Atomic Resolution Off-Axis Electron Holograms},
  author       = {Niermann, T. and Lehmann, M.},
  volume       = {63},
  pages        = {28--34},
  doi          = {10.1016/j.micron.2014.01.008},
  date         = {2014-08},
  journaltitle = {Micron}
}
,
@article{Vanderwalt2014,
  title        = {Scikit-Image: Image Processing in {{Python}}},
  author       = {family=Walt, given=St√©fan, prefix=van der, useprefix=true and Sch√∂nberger, Johannes L. and Nunez-Iglesias, Juan and Boulogne, Fran√ßois and Warner, Joshua D. and Yager, Neil and Gouillart, Emmanuelle and Yu, Tony},
  volume       = {2},
  doi          = {10.7717/peerj.453},
  date         = {2014-06-19},
  journaltitle = {PeerJ},
  eid          = {453}
}
,
@article{Virtanen2020,
  title        = {{{SciPy}} 1.0: Fundamental Algorithms for Scientific Computing in {{Python}}},
  author       = {Virtanen, Pauli and Gommers, Ralf and Oliphant, Travis E. and Haberland, Matt and Reddy, Tyler and Cournapeau, David and Burovski, Evgeni and Peterson, Pearu and Weckesser, Warren and Bright, Jonathan and family=Walt, given=St√©fan J., prefix=van der, useprefix=true and Brett, Matthew and Wilson, Joshua and Millman, K. Jarrod and Mayorov, Nikolay and Nelson, Andrew R. J. and Jones, Eric and Kern, Robert and Larson, Eric and Carey, C J and Polat, ƒ∞lhan and Feng, Yu and Moore, Eric W. and VanderPlas, Jake and Laxalde, Denis and Perktold, Josef and Cimrman, Robert and Henriksen, Ian and Quintero, E. A. and Harris, Charles R. and Archibald, Anne M. and Ribeiro, Ant√¥nio H. and Pedregosa, Fabian and family=Mulbregt, given=Paul, prefix=van, useprefix=true and {SciPy 1.0 Contributors} and Vijaykumar, Aditya and Bardelli, Alessandro Pietro and Rothberg, Alex and Hilboll, Andreas and Kloeckner, Andreas and Scopatz, Anthony and Lee, Antony and Rokem, Ariel and Woods, C. Nathan and Fulton, Chad and Masson, Charles and H√§ggstr√∂m, Christian and Fitzgerald, Clark and Nicholson, David A. and Hagen, David R. and Pasechnik, Dmitrii V. and Olivetti, Emanuele and Martin, Eric and Wieser, Eric and Silva, Fabrice and Lenders, Felix and Wilhelm, Florian and Young, G. and Price, Gavin A. and Ingold, Gert-Ludwig and Allen, Gregory E. and Lee, Gregory R. and Audren, Herv√© and Probst, Irvin and Dietrich, J√∂rg P. and Silterra, Jacob and Webber, James T and Slaviƒç, Janko and Nothman, Joel and Buchner, Johannes and Kulick, Johannes and Sch√∂nberger, Johannes L. and family=Miranda Cardoso, given=Jos√© Vin√≠cius, prefix=de, useprefix=true and Reimer, Joscha and Harrington, Joseph and Rodr√≠guez, Juan Luis Cano and Nunez-Iglesias, Juan and Kuczynski, Justin and Tritz, Kevin and Thoma, Martin and Newville, Matthew and K√ºmmerer, Matthias and Bolingbroke, Maximilian and Tartre, Michael and Pak, Mikhail and Smith, Nathaniel J. and Nowaczyk, Nikolai and Shebanov, Nikolay and Pavlyk, Oleksandr and Brodtkorb, Per A. and Lee, Perry and McGibbon, Robert T. and Feldbauer, Roman and Lewis, Sam and Tygier, Sam and Sievert, Scott and Vigna, Sebastiano and Peterson, Stefan and More, Surhud and Pudlik, Tadeusz and Oshima, Takuya and Pingel, Thomas J. and Robitaille, Thomas P. and Spura, Thomas and Jones, Thouis R. and Cera, Tim and Leslie, Tim and Zito, Tiziano and Krauss, Tom and Upadhyay, Utkarsh and Halchenko, Yaroslav O. and V√°zquez-Baeza, Yoshiki},
  volume       = {17},
  number       = {3},
  pages        = {261--272},
  doi          = {10.1038/s41592-019-0686-2},
  date         = {2020-03-02},
  journaltitle = {Nature Methods}
}
,
@software{nextnanopy,
  title        = {nextnanopy},
  author       = {Yehiazarian, Heorhii},
  location     = {Munich, Germany},
  url          = {https://www.github.com/nextnanopy/nextnanopy},
  date         = {2022-08-31},
  organization = {{nextnano GmbH}},
  version      = {0.1.15}
}
,
@software{temscript,
  title        = {temscript},
  author       = {Niermann, Tore},
  location     = {Berlin, Germany},
  url          = {https://www.github.com/niermann/temscript},
  date         = {2022-05-25},
  version      = {2.0.1}
}
,
@software{JEMS,
  title        = {JEMS},
  author       = {Stadelmann, Pierre},
  location     = {Waadt, Switzerland},
  url          = {https://www.jems-swiss.ch},
  date         = {2023-03-31},
  version      = {4.12331u2023}
}
,
@article{Dular1998,
  title        = {A General Environment for the Treatment of Discrete Problems and Its Application to the Finite Element Method},
  author       = {Dular, P. and Geuzaine, C. and Henrotte, F. and Legros, W.},
  year         = {1998-09},
  volume       = {34},
  number       = {5},
  pages        = {3395--3398},
  doi          = {10.1109/20.717799},
  journaltitle = {IEEE Transactions on Magnetics}
}
,
@article{Geuzaine2009,
  title        = {Gmsh: A 3-D Finite Element Mesh Generator with Built-in Pre- and Post-Processing Facilities},
  author       = {Geuzaine, Christophe and Remacle, Jean-Fran√ßois},
  volume       = {79},
  number       = {11},
  pages        = {1309--1331},
  doi          = {10.1002/nme.2579},
  date         = {2009-09-10},
  journaltitle = {International Journal for Numerical Methods in Engineering}
}
,
@inproceedings{Geuzaine2013,
  title        = {ONELAB: Open Numerical Engineering LABoratory},
  author       = {Geuzaine, Christophe and Henrotte, Fran√ßois and Remacle, Jean-Fran√ßois and Marchandise, Emilie and Sabariego, Ruth},
  booktitle    = {11e Colloque National En Calcul Des Structures},
  location     = {Giens, France},
  date         = {2013-05-13/2013-05-17},
  eventtitle   = {CSMA 2013}
}
